<record><leader>00000cas a2200000 i 4500</leader><controlfield tag="001">907393701</controlfield><controlfield tag="006">m     o  d        </controlfield><controlfield tag="007">cr |||||||||||</controlfield><controlfield tag="008">150415d19051926mouwr neo     0   a0eng  </controlfield><datafield ind1=" " ind2=" " tag="010"><subfield code="a">  2015218682</subfield></datafield><datafield ind1=" " ind2=" " tag="040"><subfield code="a">DLC</subfield><subfield code="b">eng</subfield><subfield code="e">rda</subfield><subfield code="c">DLC</subfield><subfield code="d">DLC</subfield></datafield><datafield ind1="0" ind2=" " tag="022"><subfield code="a">2378-5160</subfield><subfield code="2">1</subfield></datafield><datafield ind1=" " ind2=" " tag="042"><subfield code="a">pcc</subfield><subfield code="a">nsdp</subfield></datafield><datafield ind1=" " ind2=" " tag="043"><subfield code="a">n-us-mo</subfield></datafield><datafield ind1="1" ind2="0" tag="050"><subfield code="a">ISSN RECORD</subfield></datafield><datafield ind1="0" ind2="0" tag="082"><subfield code="a">071</subfield><subfield code="2">23</subfield></datafield><datafield ind1="0" ind2=" " tag="130"><subfield code="a">Farmington times (1905)</subfield></datafield><datafield ind1=" " ind2="4" tag="222"><subfield code="a">The Farmington times</subfield><subfield code="b">(1905. Online)</subfield></datafield><datafield ind1="1" ind2="4" tag="245"><subfield code="a">The Farmington times.</subfield></datafield><datafield ind1=" " ind2="1" tag="264"><subfield code="a">Farmington, St. Francois County, Mo. :</subfield><subfield code="b">Farmington Times Printing Co.,</subfield><subfield code="c">1905-</subfield></datafield><datafield ind1=" " ind2=" " tag="300"><subfield code="a">1 online reosource</subfield></datafield><datafield ind1=" " ind2=" " tag="310"><subfield code="a">Weekly</subfield></datafield><datafield ind1=" " ind2=" " tag="336"><subfield code="a">text</subfield><subfield code="b">txt</subfield><subfield code="2">rdacontent</subfield></datafield><datafield ind1=" " ind2=" " tag="337"><subfield code="a">computer</subfield><subfield code="b">c</subfield><subfield code="2">rdamedia</subfield></datafield><datafield ind1=" " ind2=" " tag="338"><subfield code="a">online resource</subfield><subfield code="b">cr</subfield><subfield code="2">rdacarrier</subfield></datafield><datafield ind1="1" ind2=" " tag="362"><subfield code="a">Began with Volume 32, number 44 (November 17, 1905); ceased February 19, 1926.</subfield></datafield><datafield ind1=" " ind2=" " tag="588"><subfield code="a">Description based on: Volume 32, number 44 (November 17, 1905); title from masthead (Chroniclingamerica.loc.gov, viewed April 15, 2015).</subfield></datafield><datafield ind1=" " ind2=" " tag="588"><subfield code="a">Latest issue consulted: Vol. 49, no. 52 (December 29, 1922) (Chroniclingamerica.loc.gov, viewed April 15, 2015).</subfield></datafield><datafield ind1=" " ind2="0" tag="651"><subfield code="a">Farmington (Mo.)</subfield><subfield code="v">Newspapers.</subfield></datafield><datafield ind1=" " ind2=" " tag="752"><subfield code="a">United States</subfield><subfield code="b">Missouri</subfield><subfield code="c">Saint Francois</subfield><subfield code="d">Farmington.</subfield></datafield><datafield ind1="0" ind2="8" tag="776"><subfield code="i">Originally  issued in print:</subfield><subfield code="t">Farmington times (1905)</subfield><subfield code="x">2378-5152</subfield><subfield code="w">(DLC)sn 89066996</subfield><subfield code="w">(OCoLC)20335537</subfield></datafield><datafield ind1="0" ind2="0" tag="780"><subfield code="t">Farmington times and herald</subfield><subfield code="x">2378-5098</subfield><subfield code="w">(DLC)  2015218680</subfield><subfield code="w">(OCoLC)907385494</subfield></datafield><datafield ind1="0" ind2="4" tag="785"><subfield code="t">Farmington news (Farmington, Mo.)</subfield></datafield><datafield ind1="4" ind2="0" tag="856"><subfield code="u">http://www.loc.gov/chroniclingamerica/lccn/sn89066996/issues</subfield></datafield></record>